<record xmlns="http://www.loc.gov/MARC21/slim" xmlns:xsi="http://www.w3.org/2001/XMLSchema-instance" xsi:schemaLocation="http://www.loc.gov/MARC21/slim http://www.loc.gov/standards/marcxml/schema/MARC21slim.xsd"><leader>     nam a22        4500</leader><controlfield tag="001">3073860</controlfield><controlfield tag="003">NNC</controlfield><controlfield tag="006">m        d        </controlfield><controlfield tag="007">cr cn |||m|||a</controlfield><controlfield tag="008">150316s1863    xx      od    000 0 ara d</controlfield><datafield ind1=" " ind2=" " tag="040"><subfield code="a">NNU</subfield><subfield code="b">eng</subfield><subfield code="e">rda</subfield><subfield code="c">NNU</subfield></datafield><datafield ind1="0" ind2=" " tag="100"><subfield code="6">880-01</subfield><subfield code="a">Muh&#803;ammad Ja&#699;far al-H&#803;asani&#772; al-Yazdi&#772;.</subfield></datafield><datafield ind1="1" ind2="0" tag="245"><subfield code="6">880-02</subfield><subfield code="a">Muntakhab al-lugha&#772;t /</subfield><subfield code="c">[tas&#803;ni&#772;f Muh&#803;ammad Ja&#699;far al-H&#803;asani&#772; al-H&#803;usayni&#772; al-Yazdi&#772; al-T&#803;abi&#772;b.</subfield></datafield><datafield ind1=" " ind2=" " tag="260"><subfield code="a">[Place of publication not identified]</subfield><subfield code="c">[1280 h., 1863]</subfield></datafield><datafield ind1=" " ind2=" " tag="300"><subfield code="a">online resource (350 pages)</subfield></datafield><datafield ind1=" " ind2=" " tag="336"><subfield code="a">text</subfield><subfield code="2">rdacontent</subfield></datafield><datafield ind1=" " ind2=" " tag="337"><subfield code="a">computer</subfield><subfield code="2">rdamedia</subfield></datafield><datafield ind1=" " ind2=" " tag="338"><subfield code="a">online resource</subfield><subfield code="2">rdacarrier</subfield></datafield><datafield ind1=" " ind2=" " tag="500"><subfield code="a">Part of the Arabic Collections Online (ACO) project, contributed by Columbia University Libraries.</subfield></datafield><datafield ind1=" " ind2=" " tag="533"><subfield code="a">Electronic reproduction.</subfield><subfield code="b">New York, N.Y. :</subfield><subfield code="c">New York University,</subfield><subfield code="d">2015.</subfield><subfield code="5">NNU</subfield></datafield><datafield ind1=" " ind2="0" tag="650"><subfield code="a">Arabic language</subfield><subfield code="v">Dictionaries.</subfield></datafield><datafield ind1=" " ind2="7" tag="650"><subfield code="a">Arabic language.</subfield><subfield code="2">fast</subfield><subfield code="0">(OCoLC)fst00812287</subfield></datafield><datafield ind1=" " ind2="7" tag="655"><subfield code="a">Dictionaries.</subfield><subfield code="2">fast</subfield><subfield code="0">(OCoLC)fst01423826</subfield></datafield><datafield ind1="2" ind2=" " tag="710"><subfield code="a">Columbia University.</subfield><subfield code="b">Libraries.</subfield></datafield><datafield ind1="0" ind2=" " tag="730"><subfield code="a">Arabic Collections Online.</subfield></datafield><datafield ind1="0" ind2="8" tag="776"><subfield code="i">Online version:</subfield><subfield code="a">Muh&#803;ammad Ja&#699;far al-H&#803;asani&#772; al-Yazdi&#772;.</subfield><subfield code="t">Muntakhab al-lugha&#772;t.</subfield><subfield code="d">[n.p. 1280 h., 1863]</subfield><subfield code="w">(OCoLC)655584712</subfield></datafield><datafield ind1="0" ind2="8" tag="776"><subfield code="i">Print version:</subfield><subfield code="a">Muh&#803;ammad Ja&#699;far al-H&#803;asani&#772; al-Yazdi&#772;.</subfield><subfield code="t">Muntakhab al-lugha&#772;t</subfield><subfield code="w">(NNC)3073860</subfield><subfield code="w">(OCoLC)47850381</subfield></datafield><datafield ind1="4" ind2="0" tag="856"><subfield code="u">http://hdl.handle.net/2333.1/12jm6661</subfield></datafield><datafield ind1="0" ind2=" " tag="880"><subfield code="6">100-01/r</subfield><subfield code="a">&#1605;&#1581;&#1605;&#1583; &#1580;&#1593;&#1601;&#1585; &#1575;&#1604;&#1581;&#1587;&#1606;&#1610; &#1575;&#1604;&#1610;&#1586;&#1583;&#1610;.</subfield></datafield><datafield ind1="1" ind2="0" tag="880"><subfield code="6">245-02/r</subfield><subfield code="a">&#1605;&#1606;&#1578;&#1582;&#1576; &#1575;&#1604;&#1604;&#1594;&#1575;&#1578; /</subfield><subfield code="c">[&#1578;&#1589;&#1606;&#1610;&#1601; &#1605;&#1581;&#1605;&#1583; &#1580;&#1593;&#1601;&#1585; &#1575;&#1604;&#1581;&#1587;&#1606;&#1610; &#1575;&#1604;&#1581;&#1587;&#1610;&#1606;&#1610; &#1575;&#1604;&#1610;&#1586;&#1583;&#1610; &#1575;&#1604;&#1591;&#1576;&#1610;&#1576;.</subfield></datafield><datafield ind1=" " ind2=" " tag="959"><subfield code="a">NNU</subfield><subfield code="b">WEB</subfield><subfield code="c">GENI</subfield><subfield code="t">0</subfield><subfield code="m">Electronic access</subfield><subfield code="s">01</subfield></datafield><datafield ind1=" " ind2=" " tag="999"><subfield code="i">NNC_3073860</subfield><subfield code="o">(OCoLC)ocm47850381</subfield><subfield code="e">(ERROR-880)</subfield><subfield code="s">columbia_aco000260</subfield></datafield></record>